%YAML 1.1
%TAG !u! tag:unity3d.com,2011:
--- !u!241 &24100000
AudioMixerController:
  m_ObjectHideFlags: 0
  m_PrefabParentObject: {fileID: 0}
  m_PrefabInternal: {fileID: 0}
  m_Name: GameMixer
  m_OutputGroup: {fileID: 0}
  m_MasterGroup: {fileID: 24300002}
  m_Snapshots:
  - {fileID: 24500006}
  m_StartSnapshot: {fileID: 24500006}
  m_SuspendThreshold: -80
  m_EnableSuspend: 1
  m_UpdateMode: 0
  m_ExposedParameters:
  - guid: 8b522ce3fced9064f9751c67e4cd7b0e
    name: VolMus
  - guid: 96bafb9fb47c795499594256ed994add
    name: VolFx
  m_AudioMixerGroupViews:
  - guids:
    - 0d1854ddd7c641a4998d779def786cd6
    - 99827cac960532144957237e5380c65b
    - 85f7e9fc9acfa204c9b8a03e69fedc33
    name: View
  m_CurrentViewIndex: 0
  m_TargetSnapshot: {fileID: 24500006}
--- !u!243 &24300002
AudioMixerGroupController:
  m_ObjectHideFlags: 0
  m_PrefabParentObject: {fileID: 0}
  m_PrefabInternal: {fileID: 0}
  m_Name: Master
  m_AudioMixer: {fileID: 24100000}
  m_GroupID: 0d1854ddd7c641a4998d779def786cd6
  m_Children:
  - {fileID: 243529065503304164}
  - {fileID: 243811281392143092}
  m_Volume: a257363129f2f584996b5cf3fa11d74e
  m_Pitch: a96d2f53cc8a7a1488017f5ec944ad7c
  m_Effects:
  - {fileID: 24400004}
  m_UserColorIndex: 0
  m_Mute: 0
  m_Solo: 0
  m_BypassEffects: 0
--- !u!244 &24400004
AudioMixerEffectController:
  m_ObjectHideFlags: 3
  m_PrefabParentObject: {fileID: 0}
  m_PrefabInternal: {fileID: 0}
  m_Name: 
  m_EffectID: 1d19052adfa9ea345983cf267da6bb9a
  m_EffectName: Attenuation
  m_MixLevel: 14f81f16e698b054ba1302c9e43b2e45
  m_Parameters: []
  m_SendTarget: {fileID: 0}
  m_EnableWetMix: 0
  m_Bypass: 0
--- !u!245 &24500006
AudioMixerSnapshotController:
  m_ObjectHideFlags: 0
  m_PrefabParentObject: {fileID: 0}
  m_PrefabInternal: {fileID: 0}
  m_Name: Snapshot
  m_AudioMixer: {fileID: 24100000}
  m_SnapshotID: 3bbc125ae099f7043b818f51aa583b09
  m_FloatValues:
    8b522ce3fced9064f9751c67e4cd7b0e: 0
    96bafb9fb47c795499594256ed994add: 0
  m_TransitionOverrides: {}
--- !u!243 &243529065503304164
AudioMixerGroupController:
  m_ObjectHideFlags: 0
  m_PrefabParentObject: {fileID: 0}
  m_PrefabInternal: {fileID: 0}
  m_Name: Music
  m_AudioMixer: {fileID: 24100000}
  m_GroupID: 99827cac960532144957237e5380c65b
  m_Children: []
  m_Volume: 8b522ce3fced9064f9751c67e4cd7b0e
  m_Pitch: 6ad8800d9b35c38438573158c8712666
  m_Effects:
  - {fileID: 244618648228917666}
  m_UserColorIndex: 7
  m_Mute: 0
  m_Solo: 0
  m_BypassEffects: 0
--- !u!243 &243811281392143092
AudioMixerGroupController:
  m_ObjectHideFlags: 0
  m_PrefabParentObject: {fileID: 0}
  m_PrefabInternal: {fileID: 0}
  m_Name: Sounds
  m_AudioMixer: {fileID: 24100000}
  m_GroupID: 85f7e9fc9acfa204c9b8a03e69fedc33
  m_Children: []
  m_Volume: 96bafb9fb47c795499594256ed994add
  m_Pitch: db65ee3683b6c42429a928497cbab609
  m_Effects:
  - {fileID: 244990081758543830}
  m_UserColorIndex: 4
  m_Mute: 0
  m_Solo: 0
  m_BypassEffects: 0
--- !u!244 &244618648228917666
AudioMixerEffectController:
  m_ObjectHideFlags: 3
  m_PrefabParentObject: {fileID: 0}
  m_PrefabInternal: {fileID: 0}
  m_Name: 
  m_EffectID: 29607ae7d432aca42b06fbb9bf31acd1
  m_EffectName: Attenuation
  m_MixLevel: fc24130c8a5d80b48ac8ab79a8b7ac92
  m_Parameters: []
  m_SendTarget: {fileID: 0}
  m_EnableWetMix: 0
  m_Bypass: 0
--- !u!244 &244990081758543830
AudioMixerEffectController:
  m_ObjectHideFlags: 3
  m_PrefabParentObject: {fileID: 0}
  m_PrefabInternal: {fileID: 0}
  m_Name: 
  m_EffectID: 2ca8eda5d6f239c428195bfdc2b9b488
  m_EffectName: Attenuation
  m_MixLevel: 881866fe8745b1c4885ae0029eff0631
  m_Parameters: []
  m_SendTarget: {fileID: 0}
  m_EnableWetMix: 0
  m_Bypass: 0
